@inproceedings{zhang2024ecr,
  title={Towards Empathetic Conversational Recommender Systems},
  author={Zhang, Xiaoyu and Xie, Ruobing and Lyu, Yougang and Xin, Xin and Liang, Mingfei and Zhang, Bo and Kang, Zhanhui and de Rijke, Maarten and Ren, Zhaochun},
  booktitle={Proceedings of the 18th ACM Conference on Recommender Systems},
  year={2024}
}

@article{charlin2018redial,
  title={Towards Deep Conversational Recommendations},
  author={Li, Raymond and Weston, Jason and Charlin, Baptiste},
  journal={arXiv preprint arXiv:1812.07617},
  year={2018}
}

@inproceedings{zeng2022knowledgebridging,
  title={Knowledge Bridging for Empathetic Dialogue Generation},
  author={Zeng, Yizhe and others},
  booktitle={AAAI},
  year={2022}
}

@inproceedings{li2020empdg,
  title={EmpDG: Multi-resolution Interactive Empathetic Dialogue Generation},
  author={Li, Jinchao and others},
  booktitle={ACL},
  year={2020}
}

@article{evidently_ndcg,
  title={NDCG Metric Guide},
  author={Evidently AI},
  journal={Online},
  year={2023},
  url={https://www.evidentlyai.com/ranking-metrics/ndcg-metric}
}

@inproceedings{liu2019roberta,
  title={RoBERTa: A Robustly Optimized BERT Pretraining Approach},
  author={Liu, Yinhan and others},
  booktitle={arXiv:1907.11692},
  year={2019}
}

@misc{meta2023llama2,
  title={Llama 2: Open Foundation and Fine-Tuned Chat Models},
  author={{Meta AI}},
  year={2023},
  howpublished={Online},
  url={https://ai.meta.com/research/publications/llama-2-open-foundation-and-fine-tuned-chat-models/}
}

@misc{mistral2023,
  title={Announcing Mistral 7B},
  author={{Mistral AI}},
  year={2023},
  howpublished={Online},
  url={https://mistral.ai/news/announcing-mistral-7b/}
}

@misc{yan2023llmjudge,
  title={LLM Evaluators (LLM-as-Judge)},
  author={Yan, Eugene},
  year={2023},
  howpublished={Online},
  url={https://eugeneyan.com/writing/llm-evaluators/}
}

@inproceedings{zhang2019dialogpt,
  title={DialoGPT: Large-Scale Generative Pre-training for Conversational Response Generation},
  author={Zhang, Yizhe and others},
  booktitle={EMNLP},
  year={2019}
}

@misc{lewis2020rag,
  title={Retrieval-Augmented Generation for Knowledge-Intensive NLP},
  author={Lewis, Patrick and others},
  year={2020},
  howpublished={arXiv:2005.11401}
}

@inproceedings{chen2020kbrd,
  title={Towards Knowledge-Based Recommender Dialog System},
  author={Chen, Qibin and others},
  booktitle={EMNLP},
  year={2020}
}

@inproceedings{zhou2020kgsf,
  title={Improving Conversational Recommender Systems via Knowledge Graph based Semantic Fusion},
  author={Zhou, Kun and others},
  booktitle={KDD},
  year={2020}
}

@article{speer2017conceptnet,
  title={ConceptNet 5.5: An Open Multilingual Graph of General Knowledge},
  author={Speer, Robyn and others},
  journal={AAAI},
  year={2017}
}

@misc{dbpedia_wikipedia,
  title={DBpedia},
  author={{DBpedia Project}},
  howpublished={Wikipedia},
  year={2021},
  url={https://en.wikipedia.org/wiki/DBpedia}
}

@article{lehmann2015dbpedia,
  title={DBpedia: A large-scale, multilingual knowledge base extracted from Wikipedia},
  author={Lehmann, Jens and Isele, Robert and Jakob, Max and Jentzsch, Anja and Kontokostas, Dimitris and Mendes, Pablo N. and Hellmann, Sebastian and Morsey, Mohamed and Van Kleef, Patrick and Auer, S{"o}ren and Bizer, Christian},
  journal={Semantic Web},
  volume={6},
  number={2},
  pages={167--195},
  year={2015}
}

@inproceedings{rashkin2019empathetic,
  title={Towards Empathetic Open-domain Conversation Models},
  author={Rashkin, Hannah and others},
  booktitle={ACL},
  year={2019}
}

@misc{feng2024llmcrs,
  title={A Large Language Model Enhanced Conversational Recommender System},
  author={Feng, Yue and Liu, Shuchang and others},
  year={2024},
  howpublished={Manuscript},
  note={Local summary: references/a_large_language_model_enhanced_conv_recomm_system/}
}

@inproceedings{zhou2018ecm,
  title={Emotional Chatting Machine: Emotional Conversation Generation with Internal and External Memory},
  author={Zhou, Hao and Huang, Minlie and Zhang, Tianyang and Zhu, Xiaoyan and Liu, Bing},
  booktitle={AAAI},
  year={2018},
  url={https://ar5iv.labs.arxiv.org/html/1704.01074}
}

@inproceedings{lin2019moel,
  title={MoEL: Mixture of Empathetic Listeners},
  author={Lin, Zhaojiang and Madotto, Andrea and Shin, Jamin and Xu, Peng and Fung, Pascale},
  booktitle={EMNLP-IJCNLP},
  year={2019},
  url={https://arxiv.org/abs/1908.07687}
}

@inproceedings{sabour2022cem,
  title={CEM: Commonsense-aware Empathetic Response Generation},
  author={Sabour, Sahand and Zheng, Chujie and Huang, Minlie},
  booktitle={AAAI},
  year={2022},
  url={https://arxiv.org/abs/2109.05739}
}

@article{qian2023empatheticllm,
  title={Harnessing the Power of Large Language Models for Empathetic Response Generation: Empirical Investigations and Improvements},
  author={Qian, Yushan and Zhang, Wei-Nan and Liu, Ting},
  journal={arXiv preprint arXiv:2310.05140},
  year={2023},
  url={https://arxiv.org/html/2310.05140v4}
}

@article{chen2024causecot,
  title={Cause-Aware Empathetic Response Generation via Chain-of-Thought Fine-Tuning},
  author={Chen, Xinhao and Yang, Chong and Lan, Man and Cai, Li and Chen, Yang and Hu, Tu and Zhuang, Xinlin and Zhou, Aimin},
  journal={arXiv preprint arXiv:2408.11599},
  year={2024},
  url={https://arxiv.org/html/2408.11599v1}
}

@article{muller2019label_smoothing,
  title={When Does Label Smoothing Help?},
  author={M{"u}ller, Rafael and Kornblith, Simon and Hinton, Geoffrey},
  journal={NeurIPS},
  year={2019}
}

@article{srivastava2014dropout,
  title={Dropout: A Simple Way to Prevent Neural Networks from Overfitting},
  author={Srivastava, Nitish and others},
  journal={JMLR},
  year={2014}
}

@misc{ppo_wikipedia,
  title={Proximal Policy Optimization},
  author={{Wikipedia}},
  year={2024},
  howpublished={Online},
  url={https://en.wikipedia.org/wiki/Proximal_policy_optimization}
}

@misc{rlhf_wikipedia,
  title={Reinforcement Learning from Human Feedback},
  author={{Wikipedia}},
  year={2024},
  howpublished={Online},
  url={https://en.wikipedia.org/wiki/Reinforcement_learning_from_human_feedback}
}

@misc{anthropic_persuasion,
  title={Measuring the Persuasiveness of Language Models},
  author={{Anthropic}},
  year={2024},
  howpublished={Online},
  url={https://www.anthropic.com/research/measuring-model-persuasiveness}
}

@misc{macpo,
  title={MACPO: Weak-to-Strong Alignment via Multi-Agent Contrastive Preference Optimization},
  author={{Anonymous}},
  year={2024},
  howpublished={Online manuscript}
}

@inproceedings{devlin2018bert,
  title={BERT: Pre-training of Deep Bidirectional Transformers for Language Understanding},
  author={Devlin, Jacob and Chang, Ming-Wei and Lee, Kenton and Toutanova, Kristina},
  booktitle={NAACL-HLT},
  year={2019}
}

@inproceedings{vaswani2017attention,
  title={Attention is All you Need},
  author={Vaswani, Ashish and Shazeer, Noam and Parmar, Niki and Uszkoreit, Jakob and Jones, Llion and Gomez, Aidan N and Kaiser, {4}ukasz and Polosukhin, Illia},
  booktitle={NeurIPS},
  year={2017}
}

@article{hjelm2019learning,
  title={Learning Deep Representations by Mutual Information Estimation and Maximization},
  author={Hjelm, R Devon and Fedorov, Alex and Lavoie-Marchildon, Samuel and Grewal, Karan and Trischler, Adam and Bengio, Yoshua},
  journal={ICLR},
  year={2019}
}

@article{velickovic2018deep,
  title={Deep Graph Infomax},
  author={Veli{\v{c}}kovi{\'c}, Petar and Fedus, William and Hamilton, William L and Li{\'o}, Pietro and Bengio, Yoshua and Hjelm, R Devon},
  journal={arXiv preprint arXiv:1809.10341},
  year={2018}
}

@article{brown2020language,
  title={Language Models are Few-Shot Learners},
  author={Brown, Tom and others},
  journal={NeurIPS},
  year={2020}
}

@misc{evidently_llm_judge,
  title={LLM-as-a-Judge Guide},
  author={{Evidently AI}},
  year={2024},
  howpublished={Online},
  url={https://www.evidentlyai.com/llm-guide/llm-as-a-judge}
}

@misc{persona_chat,
  title={PersonaChat Dataset Card},
  author={{Hugging Face Datasets}},
  year={2022},
  howpublished={Online},
  url={https://huggingface.co/datasets/awsaf49/persona-chat}
}

@misc{datacamp_gnn,
  title={Comprehensive Introduction to Graph Neural Networks (GNNs)},
  author={{DataCamp}},
  year={2023},
  howpublished={Online},
  url={https://www.datacamp.com/tutorial/comprehensive-introduction-graph-neural-networks-gnns-tutorial}
}

@misc{shaped_ecr_blog,
  title={Bringing Emotions to Recommender Systems: A Deep Dive into Empathetic Conversational Recommendation},
  author={Kaur, Simran},
  year={2025},
  howpublished={Online},
  url={https://www.shaped.ai/blog/bringing-emotions-to-recommender-systems-a-deep-dive-into-empathetic-conversational-recommendation}
}

@inproceedings{chen2021crsdp,
  title = {Knowledge-Based Conversational Recommender Systems Enhanced by Dialogue Policy Learning},
  author = {Chen, Keyu and Sun, Shiliang},
  booktitle = {Proceedings of the 10th International Joint Conference on Knowledge Graphs (IJCKG '21)},
  year = {2021},
  publisher = {ACM},
  address = {Virtual Event, Thailand}
}